@article{McGreivy_2024,
	title = {Weak baselines and reporting biases lead to overoptimism in machine
	         learning for fluid-related partial differential equations},
	volume = {6},
	ISSN = {2522-5839},
	url = {http://dx.doi.org/10.1038/s42256-024-00897-5},
	DOI = {10.1038/s42256-024-00897-5},
	number = {10},
	journal = {Nature Machine Intelligence},
	publisher = {Springer Science and Business Media LLC},
	author = {McGreivy, Nick and Hakim, Ammar},
	year = {2024},
	month = sep,
	pages = {1256â€“1269},
}

